@article{schutze:98,
    author = {Sch\"{u}tze, Hinrich},
    title = {Automatic word sense discrimination},
    journal = {Comput. Linguist.},
    issue_date = {March 1998},
    volume = {24},
    number = {1},
    month = mar,
    year = {1998},
    issn = {0891-2017},
    pages = {97--123},
    numpages = {27},
    url = {http://dl.acm.org/citation.cfm?id=972719.972724},
    acmid = {972724},
    publisher = {MIT Press},
    address = {Cambridge, MA, USA},
} 
@mastersthesis{skiles:12,
    author = {Skiles, Eric},
    title = {Document Geolocation Using Language Models Built From Lexical and Geographic Similarity},
    school = {The University of Texas at Austin},
    year = {2012},
}
@conference{rolleretal:12,
    author = {Stephen Roller and Michael Speriosu and Sarat Rallapalli and Benjamin Wing and Jason Baldridge},
    title = {Supervised Text-based Geolocation Using Language Models on an Adaptive Grid},
    booktitle = {EMNLP},
    year = {2012},
}
@conference{talukdar:09,
    author = {Partha Pratim Talukdar and Koby Crammer},
    title = {New Regularized Algorithms for Transductive Learning},
    booktitle = {ECML-PKDD},
    year = {2009},
}
@conference{talukdar:10,
    author = {Partha Pratim Talukdar and Fernando Pereira},
    title = {Experiments in Graph-based Semi-Supervised Learning Methods for Class-Instance Acquisition},
    booktitle = {ACL},
    year = {2010},
}
@techreport{zhuandg:02,
    author = {Xiaojin Zhu and Zoubin Ghahramani},
    title = {Learning from Labels and Unlabeled Data with Label Propagation},
    year = {2002},
    institution = {Carnegie Mellon University},
}
@InProceedings{wing-baldridge:11,
    author    = {Benjamin Wing and Jason Baldridge},
    title     = {Simple Supervised Document Geolocation with Geodesic Grids},
    booktitle = {Proceedings of the 49th Annual Meeting of the Association for Computational Linguistics: Human Language Technologies},
    month     = {June},
    year      = {2011},
    address   = {Portland, Oregon, USA},
    publisher = {Association for Computational Linguistics},
}
@InProceedings{eisensteinetal:11,
    author= {Jacob Eisenstein and Amr Ahmed and Eric Xing},
    title = {Sparse Additive Generative Models of Text},
    booktitle = {Proceedings of ICML 2011},
    year = {2011},
}
@inproceedings{kumar-et-al:11,
  title={Supervised language modeling for temporal resolution of texts},
  author={Abhimanu Kumar and Matt Lease and Jason Baldridge},
  booktitle={Proceedings of the 20th ACM international conference on Information and knowledge management},
  pages={2069--2072},
  year={2011},
  organization={ACM}
}
@InProceedings{eisenstein-smith-xing:11,
    author    = {Eisenstein, Jacob  and  Smith, Noah A.  and  Xing, Eric P.},
    title     = {Discovering Sociolinguistic Associations with Structured Sparsity},
    booktitle = {Proceedings of the 49th Annual Meeting of the Association for Computational Linguistics: Human Language Technologies},
    month     = {June},
    year      = {2011},
    address   = {Portland, Oregon, USA},
    publisher = {Association for Computational Linguistics},
    pages     = {1365--1374},
    url       = {http://www.aclweb.org/anthology/P11-1137},
}
@InProceedings{hao-et-al:10,
    author = {Qiang Hao and Rui Cai and Changhu Wang and Rong Xiao and Jiang-Ming Yang and Yanwei Pang and Lei Zhang},
    title = {Equip Tourists with Knowledge Mined from Travelogues},
    booktitle = {Proceedings of the 19th International World Wide Web Conference},
    year = {2010},
}
@article{ding2000computing,
  title={Computing geographical scopes of web resources},
  author={Ding, J. and Gravano, L. and Shivakumar, N.},
  year={2000},
  publisher={Department of Computer Science, Columbia University}
}
@article{smith2001disambiguating,
  title={Disambiguating geographic names in a historical digital library},
  author={Smith, D. and Crane, G.},
  journal={Research and Advanced Technology for Digital Libraries},
  pages={127--136},
  year={2001},
  publisher={Springer}
}
@article{overell2009geographic,
  title={Geographic information retrieval: classification, disambiguation and modelling},
  author={Overell, S.E.},
  journal={Department of Computing},
  pages={175},
  year={2009},
  publisher={Citeseer}
}
@inproceedings{speriosu2011twitter,
  title={Twitter polarity classification with label propagation over lexical links and the follower graph},
  author={Speriosu, M. and Sudan, N. and Upadhyay, S. and Baldridge, J.},
  booktitle={Proceedings of the First Workshop on Unsupervised Learning in NLP},
  pages={53--63},
  year={2011},
  organization={Association for Computational Linguistics}
}
@article{raghavan2007near,
  title={Near linear time algorithm to detect community structures in large-scale networks},
  author={Raghavan, U.N. and Albert, R. and Kumara, S.},
  journal={Physical Review E},
  volume={76},
  number={3},
  pages={036106},
  year={2007},
  publisher={APS}
}
@techreport{zhu2002learning,
  title={Learning from labeled and unlabeled data with label propagation},
  author={Zhu, X. and Ghahramani, Z.},
  year={2002},
  institution={Technical Report CMU-CALD-02-107, Carnegie Mellon University}
}
@inproceedings{baluja2008video,
  title={Video suggestion and discovery for youtube: taking random walks through the view graph},
  author={Baluja, S. and Seth, R. and Sivakumar, D. and Jing, Y. and Yagnik, J. and Kumar, S. and Ravichandran, D. and Aly, M.},
  booktitle={Proceedings of the 17th international conference on World Wide Web},
  pages={895--904},
  year={2008},
  organization={ACM}
}
@inproceedings{watanabe2011jasmine,
  title={Jasmine: a real-time local-event detection system based on geolocation information propagated to microblogs},
  author={Watanabe, K. and Ochi, M. and Okabe, M. and Onai, R.},
  booktitle={Proceedings of the 20th ACM international conference on Information and knowledge management},
  pages={2541--2544},
  year={2011},
  organization={ACM}
}
@inproceedings{dalvi2012object,
  title={Object matching in tweets with spatial models},
  author={Dalvi, N. and Kumar, R. and Pang, B.},
  booktitle={Proceedings of the fifth ACM international conference on Web search and data mining},
  pages={43--52},
  year={2012},
  organization={ACM}
}
@inproceedings{adams2012geo,
  title={On the geo-indicativeness of non-georeferenced text},
  author={Adams, B. and Janowicz, K.},
  booktitle={Proceedings of the International AAAI Conference on Weblogs and Social Media (ICWSM 2012)},
  year={2012}
}
@inproceedings{hong2012discovering,
  title={Discovering geographical topics in the twitter stream},
  author={Hong, L. and Ahmed, A. and Gurumurthy, S. and Smola, A.J. and Tsioutsiouliklis, K.},
  booktitle={Proceedings of the 21st international conference on World Wide Web},
  pages={769--778},
  year={2012},
  organization={ACM}
}
@article{van2012georeferencing,
  title={Georeferencing Flickr photos using language models at different levels of granularity: an evidence based approach},
  author={Van Laere, O. and Schockaert, S. and Dhoedt, B.},
  journal={Web Semantics: Science, Services and Agents on the World Wide Web},
  year={2012},
  publisher={Elsevier}
}
@article{diaslanguage,
  title={A Language Modeling Approach for Georeferencing Textual Documents},
  author={Dias, D. and Anast{\'a}cio, I. and Martins, B.}
}
@inproceedings{hauff2012placing,
  title={Placing images on the world map: a microblog-based enrichment approach},
  author={Hauff, C. and Houben, G.J.},
  booktitle={Proceedings of the 35th international ACM SIGIR conference on Research and development in information retrieval},
  pages={691--700},
  year={2012},
  organization={ACM}
}
@article{turner08summaries,
    title={Using Spatial Reference Frames to Generate Grounded Textual Summaries of Georeferenced Data},
    author={Ross Turner and Somayajulu Sripada and Ehud Reiter and Ian Davy},
    year={2003}
}